%OpenMesh - BATMANadv (8)
@electronic{OpenMesh:BATMANconcept,
  title         = "B.A.T.M.A.N. protocol concept",
  url           = "https://www.open-mesh.org/projects/open-mesh/wiki/BATMANConcept",
}

@electronic{OpenMesh:BATMANdebian,
  title         = "Debian batman-adv AutoStartup",
  url           = "https://www.open-mesh.org/projects/batman-adv/wiki/Debian_batman-adv_AutoStartup",
}

@electronic{OpenMesh:BATMANquickstart,
  title         = "B.A.T.M.A.N. Advanced quick start guide",
  url           = "https://www.open-mesh.org/projects/batman-adv/wiki/Quick-start-guide",
}

@electronic{OpenMesh:BATMANwiki,
  title         = "B.A.T.M.A.N. advanced",
  url           = "https://www.open-mesh.org/projects/batman-adv/wiki/Wiki",
}

@electronic{OpenMesh:BATMANFAQ,
  title         = "B.A.T.M.A.N. general questions",
  url           = "https://www.open-mesh.org/projects/batman-adv/wiki/Faq#BATMAN-General-questions",
}

@electronic{OpenMesh:BATMANoverview,
  title         = "B.A.T.M.A.N. Advanced Documentation Overview",
  url           = "https://www.open-mesh.org/projects/batman-adv/wiki",
}

@electronic{OpenMesh:BATMANvisualize,
  title         = "Visualize the mesh",
  url           = "https://www.open-mesh.org/projects/batmand/wiki/VisualizeMesh",
}

@electronic{OpenMesh:Announce,
  title         = "Announcing networks",
  url           = "https://www.open-mesh.org/projects/batmand/wiki/AnnouncingNetworks",
}

@electronic{OpenMesh:manpage,
  author    = "Tsai, Wesley",
  title         = "batmand - html man page",
  url           = "https://downloads.open-mesh.org/batman/manpages/batmand.8.html",
}

%NETSUKUKU (5)
@electronic{Netsukuku:title,
  title         = "Netsukuku - P2P mesh routing",
  url           = "http://netsukuku.freaknet.org/",
}

@electronic{Netsukuku:P2P,
  title         = "P2P over Netsukuku",
  url           = "http://netsukuku.freaknet.org/main_doc/ntk_rfc/Ntk_p2p_over_ntk.pdf",
}

@electronic{Netsukuku:topology,
  title         = "Netsukuku topology",
  url           = "http://netsukuku.freaknet.org/main_doc/topology.pdf",
}

@electronic{Netsukuku:wiki,
  title         = "Netsukuku - Dyne.org Wiki",
  url           = "https://lab.dyne.org/Netsukuku",
}

@electronic{Netsukuku:what,
  title         = "What is Netsukuku",
  url           = "https://lab.dyne.org/NewNetsukukuOrg",
}

%Vala (2)
@electronic{Vala:intro,
  title         = "Vala - Compiler for the GObject type system ",
  url           = "https://wiki.gnome.org/Projects/Vala",
}

@electronic{Vala:drop,
  author    = "Espinosa, Daniel",
  title         = "Should we drop Vala?",
  url           = "https://blogs.gnome.org/despinosa/2016/09/30/should-we-drop-vala/",
}

%QT Network {2}
@electronic{QT:what,
  title         = "Qt 4.8 Network Programming",
  url           = "http://doc.qt.io/qt-4.8/network-programming.html",
}

@electronic{QT:examples,
  title         = "Qt 4.8 Network Examples",
  url           = "http://doc.qt.io/qt-4.8/examples-network.html",
}

%Qt UI {5}
@electronic{QT:platforms,
  title         = "Supported Platforms",
  url           = "http://doc.qt.io/qt-4.8/supported-platforms.html",
}

@electronic{QT:learn,
  title         = "How to Learn Qt",
  url           = "http://doc.qt.io/qt-4.8/how-to-learn-qt.html",
}

@electronic{QT:open,
  title         = "Open Source Versions of Qt",
  url           = "http://doc.qt.io/qt-4.8/opensourceedition.html",
}

@electronic{QT:pi,
  title         = "Raspberry Pi Beginners Guide",
  url           = "http://wiki.qt.io/Raspberry_Pi_Beginners_Guide",
}

@electronic{QT:linux,
  title         = "Support for Linux/X11",
  url           = "http://doc.qt.io/qt-4.8/linuxx11-support.html",
}

@electronic{QT:windows,
  title         = "Support for Windows",
  url           = "http://doc.qt.io/qt-4.8/windows-support.html",
}

%Kivy {3}
@electronic{kivy:home,
  title         = "Kivy: Cross-platform Python Framework for NUI Development",
  url           = "https://kivy.org/#home",
}

@electronic{kivy:intro,
  title         = "Getting Started \textgreater  Introduction",
  url           = "https://kivy.org/docs/gettingstarted/intro.html",
}

@electronic{kivy:api,
  title         = "Kivy framework",
  url           = "https://kivy.org/docs/api-kivy.html",
}

%GTK+ {3}
@electronic{GTK:intro,
  title         = "The GTK+ Project",
  url           = "https://www.gtk.org/",
}

@electronic{GTK:features,
  title         = "GTK+ Features",
  url           = "https://www.gtk.org/features.php",
}

@electronic{GTK:api,
  title         = "API Reference",
  url           = "https://developer.gnome.org/references",
}


%raspbian
@electronic{raspbian:OSlist,
  title         = "Best Operating Systems for Raspberry Pi 2 \& 3",
  url           = "https://www.raspberrypistarterkits.com/products/operating-systems-raspberry-pi/",
}

@electronic{raspbian:OS,
  title         = "FrontPage - Raspbian",
  url           = "http://www.raspbian.org/",
}

@electronic{raspbian:FAQ,
  title         = "Raspbian FAQ",
  url           = "http://www.raspbian.org/RaspbianFAQ",
}

%win10 IOT
@electronic{Win10:IoT,
  title         = "Windows 10 IoT Core for Raspberry Pi 2 / 3",
  url           = "https://www.microsoft.com/en-us/download/details.aspx?id=53360",
}

@electronic{Win10:dev,
  title         = "Windows 10 IoT Core",
  url           = "https://developer.microsoft.com/en-us/windows/iot",
}

%Ubuntu snaps
@electronic{snappy:main,
  title         = "Snaps on Ubuntu",
  url           = "https://www.ubuntu.com/desktop/snappy",
}

@electronic{snappy:what,
  title         = "What is a snap?",
  url           = "https://docs.snapcraft.io/snaps/intro",
}